<record><leader>00000cas a22000007a 4500</leader><controlfield tag="001">15122619</controlfield><controlfield tag="008">870128d18811911iauwr ne      0    0eng d</controlfield><datafield ind1=" " ind2=" " tag="010"><subfield code="a">sn 87057000 </subfield></datafield><datafield ind1=" " ind2=" " tag="040"><subfield code="a">INP</subfield><subfield code="b">eng</subfield><subfield code="c">INP</subfield><subfield code="d">DLC</subfield><subfield code="d">OCLCQ</subfield></datafield><datafield ind1=" " ind2=" " tag="042"><subfield code="a">msc</subfield></datafield><datafield ind1="0" ind2="0" tag="245"><subfield code="a">Lake City blade.</subfield></datafield><datafield ind1="1" ind2="3" tag="246"><subfield code="a">Blade</subfield><subfield code="f">&lt;June 2, 1887&gt;</subfield></datafield><datafield ind1=" " ind2=" " tag="260"><subfield code="a">Lake City, Calhoun County, Iowa :</subfield><subfield code="b">W.C. Snyder</subfield></datafield><datafield ind1=" " ind2=" " tag="300"><subfield code="a">v. :</subfield><subfield code="b">ill. ;</subfield><subfield code="c">56-66 cm.</subfield></datafield><datafield ind1=" " ind2=" " tag="310"><subfield code="a">Weekly</subfield></datafield><datafield ind1="1" ind2=" " tag="362"><subfield code="a">Issued 1881-Apr. 19, 1911.</subfield><subfield code="z">Cf. Bibl. of Iowa newspapers.</subfield></datafield><datafield ind1=" " ind2=" " tag="500"><subfield code="a">"Weekly" appears within title ornament, &lt;June 2, 1887&gt;.</subfield></datafield><datafield ind1=" " ind2=" " tag="588"><subfield code="a">Description based on: Vol. 9, no. 8 (June 2, 1887).</subfield></datafield><datafield ind1=" " ind2=" " tag="752"><subfield code="a">United States</subfield><subfield code="b">Iowa</subfield><subfield code="c">Calhoun</subfield><subfield code="d">Lake City.</subfield></datafield><datafield ind1="0" ind2="0" tag="780"><subfield code="t">Dollar blade</subfield></datafield><datafield ind1="0" ind2="4" tag="785"><subfield code="t">Lake City news (Lake City, Iowa)</subfield><subfield code="w">(DLC)sn 87057003</subfield></datafield></record>